<record><leader>005716am a2200181I  4500</leader><controlfield tag="001">009403043</controlfield><controlfield tag="003">MiAaHDL</controlfield><controlfield tag="005">20110118000000.0</controlfield><controlfield tag="006">m        d        </controlfield><controlfield tag="007">cr bn ---auaua</controlfield><controlfield tag="008">051217t2004    ne            000 f dut d</controlfield><datafield tag="020" ind1=" " ind2=" "><subfield code="a">902906868X (pbk.)</subfield></datafield><datafield tag="035" ind1=" " ind2=" "><subfield code="a">sdr-inu6221097</subfield></datafield><datafield tag="035" ind1=" " ind2=" "><subfield code="a">(OCoLC)62686134</subfield></datafield><datafield tag="040" ind1=" " ind2=" "><subfield code="a">BNY</subfield><subfield code="c">BNY</subfield></datafield><datafield tag="100" ind1="1" ind2=" "><subfield code="a">Martelaere, P. de</subfield><subfield code="q">(Patricia)</subfield></datafield><datafield tag="245" ind1="1" ind2="4"><subfield code="a">Het onverwachte antwoord :</subfield><subfield code="b">roman /</subfield><subfield code="c">Patricia de Martelaere.</subfield></datafield><datafield tag="260" ind1=" " ind2=" "><subfield code="a">Amsterdam :</subfield><subfield code="b">J.M. Meulenhoff,</subfield><subfield code="c">c2004.</subfield></datafield><datafield tag="300" ind1=" " ind2=" "><subfield code="a">285 p. ;</subfield><subfield code="c">20 cm.</subfield></datafield><datafield tag="490" ind1="0" ind2=" "><subfield code="a">Meulenhoff editie ;</subfield><subfield code="v">2117</subfield></datafield><datafield tag="538" ind1=" " ind2=" "><subfield code="a">Mode of access: Internet.</subfield></datafield><datafield tag="CID" ind1=" " ind2=" "><subfield code="a">009403043</subfield></datafield><datafield tag="DAT" ind1="0" ind2=" "><subfield code="a">20110118134406.0</subfield><subfield code="b">20110118000000.0</subfield></datafield><datafield tag="DAT" ind1="1" ind2=" "><subfield code="a">20120814114732.0</subfield><subfield code="b">2022-04-21T17:36:46Z</subfield></datafield><datafield tag="CAT" ind1=" " ind2=" "><subfield code="a">SDR-INU</subfield><subfield code="d">UNKNOWN</subfield><subfield code="l">loader.pl-001-001</subfield></datafield><datafield tag="FMT" ind1=" " ind2=" "><subfield code="a">BK</subfield></datafield><datafield tag="HOL" ind1=" " ind2=" "><subfield code="0">sdr-inu6221097</subfield><subfield code="a">inu</subfield><subfield code="b">SDR</subfield><subfield code="c">INU</subfield><subfield code="p">inu.30000107650602</subfield><subfield code="s">INU</subfield><subfield code="1">6221097</subfield></datafield><datafield tag="974" ind1=" " ind2=" "><subfield code="b">INU</subfield><subfield code="c">INU</subfield><subfield code="d">20220421</subfield><subfield code="s">google</subfield><subfield code="u">inu.30000107650602</subfield><subfield code="y">2004</subfield><subfield code="r">ic</subfield><subfield code="q">bib</subfield><subfield code="t">non-US bib date1, date type t &gt;= 1927</subfield></datafield></record>